<?xml version="1.0" encoding="UTF-8"?><collection xmlns="http://www.loc.gov/MARC21/slim"><record><leader>00403nam--2200145-i-4500</leader><controlfield tag="001">000043446</controlfield><controlfield tag="002">20161230</controlfield><controlfield tag="005">20161230201044</controlfield><controlfield tag="008">060222s1000------------r-----000-0-eng-d</controlfield><datafield ind1=" " ind2=" " tag="080"><subfield code="a">55034(520)</subfield></datafield><datafield ind1=" " ind2=" " tag="100"><subfield code="a">Szirtes,S</subfield></datafield><datafield ind1=" " ind2=" " tag="245"><subfield code="a">Seismogramme des japanischen erdbebens, am 21 januar 1906</subfield></datafield><datafield ind1=" " ind2=" " tag="260"><subfield code="a">Strassburg, L`Association Int.De Sismologie, 1909. 49 P</subfield></datafield><datafield ind1=" " ind2=" " tag="490"><subfield code="a">Serie A.Memoires</subfield></datafield><datafield ind1=" " ind2=" " tag="852"><subfield code="a">47618</subfield></datafield></record></collection>